@book{haykinIntroductionAnalogDigital2007,
  title = {Introduction to Analog \& Digital Communications},
  author = {Haykin, Simon and Moher},
  date = {2007},
  edition = {2},
  publisher = {{Wiley}},
  location = {{NJ}},
  langid = {english},
  file = {C:\Users\zhong\Zotero\storage\DKDQH6NT\[ECE459]Simon S. Haykin, Michael Moher - An Introduction to Analog and Digital Communications-Wiley (2006).pdf}
}

@online{PythonJiaXingGaoSiBaiZaoShengAWGN_python,
  title = {Python 加性高斯白噪声 {{AWGN}}\_python Awgn函数-{{CSDN博客}}},
  url = {https://blog.csdn.net/sinat_41657218/article/details/106171768},
  urldate = {2023-12-29},
  file = {C:\Users\zhong\Zotero\storage\9D7EKTDU\106171768.html}
}

@online{PythonTiQuXinHaoDeBaoLuo_pythonRuHeShiXianBaoLuoCSDNBoKe,
  title = {Python 提取信号的包络\_python如何实现包络-{{CSDN博客}}},
  url = {https://blog.csdn.net/flyfish1986/article/details/129444260},
  urldate = {2023-12-29},
  file = {C:\Users\zhong\Zotero\storage\K6QLHQTE\129444260.html}
}

@online{ZaiPythonZhongShiXianDiTongLuBoQi,
  title = {在 {{Python}} 中实现低通滤波器 | {{D栈}} - {{Delft Stack}}},
  url = {https://www.delftstack.com/zh/howto/python/low-pass-filter-python/},
  urldate = {2023-12-29},
  file = {C:\Users\zhong\Zotero\storage\KQLPTN3S\low-pass-filter-python.html}
}
